@article{luna2011optimization,
  title={Optimization algorithms for large-scale real-world instances of the frequency assignment problem},
  author={Luna, Francisco and Est{\'e}banez, C{\'e}sar and Le{\'o}n, Coromoto and Chaves-Gonz{\'a}lez, Jos{\'e} M and Nebro, Antonio J and Aler, Ricardo and Segura, Carlos and Vega-Rodr{\'\i}guez, Miguel A and Alba, Enrique and Valls, Jos{\'e} M and others},
  journal={Soft Computing},
  volume={15},
  number={5},
  pages={975--990},
  year={2011},
  publisher={Springer}
}

@article{aardal2007models,
  title={Models and solution techniques for frequency assignment problems},
  author={Aardal, Karen I and Van Hoesel, Stan PM and Koster, Arie MCA and Mannino, Carlo and Sassano, Antonio},
  journal={Annals of Operations Research},
  volume={153},
  number={1},
  pages={79--129},
  year={2007},
  publisher={Springer}
}

@Inbook{Murphey1999,
  author={Murphey, Robert A. and Pardalos, Panos M. and Resende, Mauricio G. C.},
  editor={Du, Ding-Zhu and Pardalos, Panos M.},
  title={Frequency Assignment Problems},
  bookTitle={Handbook of Combinatorial Optimization: Supplement Volume A},
  year={1999},
  publisher={Springer US},
  address={Boston, MA},
  pages={295--377},
  isbn={978-1-4757-3023-4},
  doi={10.1007/978-1-4757-3023-4_6},
  url={https://doi.org/10.1007/978-1-4757-3023-4_6}
}

@inproceedings{valenzuela1998permutation,
  title={A permutation based genetic algorithm for minimum span frequency assignment},
  author={Valenzuela, Christine and Hurley, Steve and Smith, Derek},
  booktitle={International Conference on Parallel Problem Solving from Nature},
  pages={907--916},
  year={1998},
  organization={Springer}
}

@inproceedings{cotta2001comparison,
  title={A comparison of several evolutionary heuristics for the frequency assignment problem},
  author={Cotta, Carlos and Troya, Jos{\'e} M},
  booktitle={International Work-Conference on Artificial Neural Networks},
  pages={474--481},
  year={2001},
  organization={Springer}
}
